@inproceedings{Bernstein:2006kw,
author = {Bernstein, Daniel J},
title = {{Curve25519}: New {Diffie-Hellman} Speed Records},
booktitle = {9th International Conference on Theory and Practice in Public-Key Cryptography},
series = {PKC 2006},
year = {2006},
pages = {207--228},
publisher = {Springer},
month = apr,
doi = {10.1007/11745853_14},
url = {https://cr.yp.to/ecdh/curve25519-20060209.pdf},
}

@inproceedings{Bernstein:2014ca,
author = {Bernstein, Daniel J and van Gastel, Bernard and Janssen, Wesley and Lange, Tanja and Schwabe, Peter and Smetsers, Sjaak},
title = {{TweetNaCl}: A Crypto Library in 100 Tweets},
booktitle = {3rd International Conference on Cryptology and Information Security in Latin America},
series = {LATINCRYPT 2014},
year = {2014},
pages = {64--83},
publisher = {Springer},
month = jun,
doi = {10.1007/978-3-319-16295-9_4},
url = {https://tweetnacl.cr.yp.to/tweetnacl-20140917.pdf}
}

@misc{NaCl,
author = {Bernstein, Daniel J and Lange, Tanja and Schwabe, Peter},
title = {{NaCl}: Networking and Cryptography library},
url = {https://nacl.cr.yp.to/}
}

@misc{TweetNaCl,
author = {Bernstein, Daniel J and van Gastel, Bernard and Janssen, Wesley and Lange, Tanja and Schwabe, Peter and Smetsers, Sjaak},
title = {{TweetNaCl}: A Crypto Library in 100 Tweets},
year = {2014},
month = apr,
url = {https://tweetnacl.cr.yp.to/}
}

@misc{TweetNaCljs,
author = {Chestnykh, Dmitry and Mandiri, Devi and {AndSDev}},
title = {{TweetNaCl.js}},
url = {https://github.com/dchest/tweetnacl-js}
}

@misc{TweetNaClAudit,
author = {{Cure53} and Heiderich, Mario and Magazinius, Jonas and Str{\"o}mbergson, Joachim},
title = {Review-Report Crypto Library {TweetNaCl-js}},
year = {2017},
month = feb,
url = {https://cure53.de/tweetnacl.pdf}
}

@misc{HACLStar,
title = {{HACL*}, a high-assurance cryptographic library},
url = {https://hacl-star.github.io/}
}

@inproceedings{Zinzindohoue:2017fc,
author = {Zinzindohou{\'e}, Jean-Karim and Bhargavan, Karthikeyan and Protzenko, Jonathan and Beurdouche, Benjamin},
title = {{HACL*}: A Verified Modern Cryptographic Library},
booktitle = {ACM SIGSAC Conference on Computer and Communications Security},
series = {CCS 2017},
year = {2017},
pages = {1789--1806},
publisher = {ACM},
month = oct,
doi = {10.1145/3133956.3134043},
url = {https://eprint.iacr.org/2017/536}
}

@misc{TLS13,
author = {Rescorla, Eric},
title = {The {Transport Layer Security (TLS)} Protocol Version 1.3},
year = {2018},
month = aug,
howpublished = {RFC 5869},
publisher =	{Internet Engineering Task Force (IETF)},
doi = {10.17487/RFC8446},
url = {https://tools.ietf.org/html/rfc8446}
}

@misc{X25519,
author = {Langley, Adam and Hamburg, Mike and Turner, Sean},
title = {Elliptic Curves for Security},
year = {2016},
month = jan,
howpublished = {RFC7748},
publisher = {Internet Research Task Force (IRTF)},
doi = {10.17487/RFC7748},
url = {https://tools.ietf.org/html/rfc7748}
}

@inproceedings{Bernstein:2012,
author = {Bernstein, Daniel J and Lange, Tanja and Schwabe, Peter},
title = {The Security Impact of a New Cryptographic Library},
booktitle = {2nd International Conference on Cryptology and Information Security in Latin America},
series = {LATINCRYPT 2012},
year = {2012},
pages = {159--176},
publisher = {Springer},
month = oct,
doi = {10.1007/978-3-642-33481-8_9},
url = {https://cr.yp.to/highspeed/coolnacl-20120725.pdf}
}

@webpage{Bernstein:2009,
author = {Bernstein, Daniel J},
title = {Cryptography in {NaCl}},
year = {2009},
month = mar,
url = {https://cr.yp.to/highspeed/naclcrypto-20090310.pdf},
}

@mastersthesis{Janssen:2014,
author = {Janssen, Wesley},
title = {Curve25519 in 18 tweets},
type = {Bachelor's Thesis},
school = {Radboud University Nijmegen},
year = {2014},
month = feb,
note = {Archived at \url{https://perma.cc/4HVB-D6BJ}},
url = {http://www.cs.ru.nl/bachelors-theses/2014/Wesley_Janssen___4037332___Curve25519_in_18_tweets.pdf}
}

@misc{Marlinspike:2016,
author = {Marlinspike, Moxie and Perrin, Trevor},
title = {The {X3DH} Key Agreement Protocol},
year = {2016},
month = nov,
note = {Archived at \url{https://perma.cc/MSA4-DP4G}},
url = {https://www.signal.org/docs/specifications/x3dh/}
}

@misc{WhatsAppWhitepaper,
author = {WhatsApp},
title = {{WhatsApp} Encryption Overview},
year = {2017},
month = dec,
note = {Archived at \url{https://perma.cc/QD7M-GPG5}},
url = {https://www.whatsapp.com/security/WhatsApp-Security-Whitepaper.pdf}
}

@book{Hankerson:2004,
author = {Hankerson, Darrel and Menezes, Alfred and Vanstone, Scott},
title = {Guide to {Elliptic Curve Cryptography}},
publisher = {Springer},
year = {2004},
isbn = {0-387-95273-X}
}

@book{Cohen:2006,
author = {Cohen, Henri and Frey, Gerhard and Avanzi, Roberto and Doche, Christophe and Lange, Tanja and Nguyen, Kim and Vercauteren, Frederik},
title = {{Handbook of Elliptic and Hyperelliptic Curve Cryptography}},
publisher = {CRC Press},
year = {2006},
isbn = {1-58488-518-1}
}

@book{Koblitz:1994,
author = {Koblitz, Neal},
title = {A Course in Number Theory and Cryptography},
publisher = {Springer},
year = {1994},
isbn = {978-0-387-94293-3}
}

@book{Blake:1999,
author = {Blake, Ian and Seroussi, Gadiel and Smart, Nigel},
title = {Elliptic Curves in Cryptography},
publisher = {Cambridge University Press},
year = {1999},
isbn = {9780521653749}
}

@misc{MontgomeryEFD,
author = {Bernstein, Daniel J. and Lange, Tanja},
title = {Montgomery curves},
howpublished = {In \emph{Explicit Formulas Database} (EFD)},
url = {https://hyperelliptic.org/EFD/g1p/auto-montgom.html}
}

@article{Fujii:2017eb,
author = {Fujii, Kazuyuki and Oike, Hiroshi},
title = {An Algebraic Proof of the Associative Law of Elliptic Curves},
journal = {Advances in Pure Mathematics},
year = {2017},
volume = {7},
number = {12},
pages = {649--659},
month = dec,
publisher = {Scientific Research Publishing},
doi = {10.4236/apm.2017.712040}
}

% https://arxiv.org/abs/1710.00214
@article{Friedl:2017js,
author = {Friedl, Stefan},
title = {An elementary proof of the group law for elliptic curves},
journal = {Groups Complexity Cryptology},
year = {2017},
volume = {9},
number = {2},
pages = {117--123},
month = oct,
doi = {10.1515/gcc-2017-0010}
}

%% https://www.ams.org/journals/mcom/1978-32-143/S0025-5718-1978-0491431-9/S0025-5718-1978-0491431-9.pdf
@article{Pollard:1978do,
author = {Pollard, J M},
title = {{Monte Carlo Methods for Index Computation (mod p)}},
journal = {Mathematics of Computation},
year = {1978},
volume = {32},
number = {143},
pages = {918--924},
month = jul,
doi = {10.2307/2006496}
}

@incollection{Bernstein:2017fm,
author = {Bernstein, Daniel J and Lange, Tanja},
title = {{Montgomery} Curves and the {Montgomery} Ladder},
booktitle = {Topics in Computational Number Theory Inspired by Peter L. Montgomery},
year = {2017},
pages = {82--115},
publisher = {Cambridge University Press},
month = oct,
doi = {10.1017/9781316271575.005},
url = {https://eprint.iacr.org/2017/293.pdf}
}

%% https://cr.yp.to/bib/1987/montgomery.pdf
@article{Montgomery:1987fz,
author = {Montgomery, Peter L},
title = {Speeding the {Pollard} and Elliptic Curve Methods of Factorization},
journal = {Mathematics of Computation},
year = {1987},
volume = {48},
number = {177},
pages = {243--264},
doi = {10.1090/S0025-5718-1987-0866113-7}
}

@webpage{Madden:2020,
author = {Madden, Neil},
title = {What's the {Curve25519} clamping all about?},
year = {2020},
month = may,
url = {https://neilmadden.blog/2020/05/28/whats-the-curve25519-clamping-all-about/},
note = {Archived at \url{https://perma.cc/6QPY-GJLR}}
}

@inproceedings{Hamburg:2015,
author = {Hamburg, Mike},
title = {Decaf: Eliminating Cofactors Through Point Compression},
booktitle = {35th Annual Cryptology Conference},
series = {CRYPTO 2015},
year = {2015},
pages = {705-723},
publisher = {Springer},
month = aug,
doi = {10.1007/978-3-662-47989-6_34},
url = {https://eprint.iacr.org/2015/673.pdf}
}

@inproceedings{Antipa:2003, 
author = {Antipa, Adrian and Brown, Daniel and Menezes, Alfred and Struik, Ren√© and Vanstone, Scott}, 
title = {Validation of Elliptic Curve Public Keys}, 
booktitle = {6th International Workshop on Practice and Theory in Public Key Cryptography}, 
series = {PKC 2003},
doi = {10.1007/3-540-36288-6_16}, 
url = {https://www.iacr.org/archive/pkc2003/25670211/25670211.pdf}, 
pages = {211--223}, 
volume = {LNCS, volume 2567}, 
publisher = {Springer}, 
year = {2003},
month = jan
}
